@incollection{boucheron-2013-basic-inequalities,
  title = {Basic {{Inequalities}}},
  booktitle = {Concentration {{Inequalities}}: {{A Nonasymptotic Theory}} of {{Independence}}},
  author = {Boucheron, St{\'e}phane and Lugosi, G{\'a}bor and Massart, Pascal},
  editor = {Boucheron, St{\'e}phane and Lugosi, G{\'a}bor and Massart, Pascal},
  year = {2013},
  pages = {0},
  publisher = {Oxford University Press},
  doi = {10.1093/acprof:oso/9780199535255.003.0002},
  isbn = {978-0-19-953525-5}
}

@misc{cohen-2016-optimal-approximate,
  title = {Optimal Approximate Matrix Product in Terms of Stable Rank},
  author = {Cohen, Michael B. and Nelson, Jelani and Woodruff, David P.},
  year = {2016},
  number = {arXiv:1507.02268},
  eprint = {1507.02268},
  publisher = {arXiv},
  doi = {10.48550/arXiv.1507.02268}
}

@article{cortinovis-2022-randomized-trace,
  title = {On {{Randomized Trace Estimates}} for {{Indefinite Matrices}} with an {{Application}} to {{Determinants}}},
  author = {Cortinovis, Alice and Kressner, Daniel},
  year = {2022},
  journal = {Foundations of Computational Mathematics},
  volume = {22},
  number = {3},
  pages = {875--903},
  doi = {10.1007/s10208-021-09525-9}
}

@article{frangella-2023-randomized-nystrom,
  title = {Randomized {{Nystr{\"o}m Preconditioning}}},
  author = {Frangella, Zachary and Tropp, Joel A. and Udell, Madeleine},
  year = {2023},
  journal = {SIAM Journal on Matrix Analysis and Applications},
  volume = {44},
  number = {2},
  pages = {718--752},
  doi = {10.1137/21M1466244}
}

@book{hardy-1952-inequalities,
  title = {Inequalities},
  author = {Hardy, Godfrey Harold and Littlewood, John Edensor and P{\'o}lya, George},
  year = {1952},
  edition = {Second},
  publisher = {Cambridge University Press},
  address = {London},
  isbn = {978-0-521-35880-4}
}

@misc{kressner-2023-randomized-lowrank,
  title = {Randomized Low-Rank Approximation of Parameter-Dependent Matrices},
  author = {Kressner, Daniel and Lam, Hei Yin},
  year = {2023},
  number = {arXiv:2302.12761},
  eprint = {2302.12761},
  publisher = {arXiv},
  doi = {10.48550/arXiv.2302.12761}
}

@article{lin-2017-randomized-estimation,
  title = {Randomized Estimation of Spectral Densities of Large Matrices Made Accurate},
  author = {Lin, Lin},
  year = {2017},
  journal = {Numerische Mathematik},
  volume = {136},
  number = {1},
  pages = {183--213},
  doi = {10.1007/s00211-016-0837-7}
}

@misc{meyer-2021-hutch-optimal,
  title = {Hutch++: {{Optimal Stochastic Trace Estimation}}},
  author = {Meyer, Raphael A. and Musco, Cameron and Musco, Christopher and Woodruff, David P.},
  year = {2021},
  number = {arXiv:2010.09649},
  eprint = {2010.09649},
  publisher = {arXiv},
  doi = {10.48550/arXiv.2010.09649}
}

@misc{persson-2022-improved-variants,
  title = {Improved Variants of the {{Hutch}}++ Algorithm for Trace Estimation},
  author = {Persson, David and Cortinovis, Alice and Kressner, Daniel},
  year = {2022},
  number = {arXiv:2109.10659},
  eprint = {2109.10659},
  publisher = {arXiv},
  doi = {10.48550/arXiv.2109.10659}
}

@article{persson-2023-randomized-lowrank,
  title = {Randomized {{Low-Rank Approximation}} of {{Monotone Matrix Functions}}},
  author = {Persson, David and Kressner, Daniel},
  year = {2023},
  journal = {SIAM Journal on Matrix Analysis and Applications},
  volume = {44},
  number = {2},
  pages = {894--918},
  publisher = {{Society for Industrial and Applied Mathematics}},
  doi = {10.1137/22M1523923}
}

@article{robbins-1955-remark-stirling,
  title = {A {{Remark}} on {{Stirling}}'s {{Formula}}},
  author = {Robbins, Herbert},
  year = {1955},
  journal = {The American Mathematical Monthly},
  volume = {62},
  number = {1},
  eprint = {2308012},
  eprinttype = {jstor},
  pages = {26--29},
  publisher = {Mathematical Association of America},
  doi = {10.2307/2308012}
}

@article{trefethen-2008-gauss-quadrature,
  title = {Is {{Gauss Quadrature Better}} than {{Clenshaw}}--{{Curtis}}?},
  author = {Trefethen, Lloyd N.},
  year = {2008},
  journal = {SIAM Review},
  volume = {50},
  number = {1},
  pages = {67--87},
  publisher = {{Society for Industrial and Applied Mathematics}},
  doi = {10.1137/060659831}
}

@misc{tropp-2023-randomized-algorithms,
  title = {Randomized Algorithms for Low-Rank Matrix Approximation: {{Design}}, Analysis, and Applications},
  author = {Tropp, Joel A. and Webber, Robert J.},
  year = {2023},
  number = {arXiv:2306.12418},
  eprint = {2306.12418},
  publisher = {arXiv},
  doi = {10.48550/arXiv.2306.12418}
}
